@book{AroraBarak:CompComplex,
  title     = "Complexity Theory: A Modern Approach",
  author    = "Sanjeev Arora and Boaz Barak",
  address   = "Cambridge, UK",
  isbn      = "978-0-521-42426-4",
  publisher = "Cambridge University Press",
  year      = "2009",
}
@inproceedings{BCK:KeyingHash,
  title     = "Keying Hash Functions for Message Authentication",
  author    = "Bellare, Mihir and Canetti, Ran and Krawczyk, Hugo",
  pages     = "1--15",
  crossref = "Crypto96",
}
@proceedings{Crypto96,
  editor    = "Koblitz, Neal",
  title     = "Advances in Cryptology --- CRYPTO '96",
  booktitle = "Advances in Cryptology --- CRYPTO '96",
  publisher = "Springer",
  address   = "Berlin, Heidelberg",
  isbn      = "978-3-540-68697-2",
  year      = "1996",
}
@misc{Bellovin:NSA,
  author  = "Steve Bellovin",
  note = "Email sent to \texttt{comp.risks} (Risks Digest), 25.71, June 6, 2009. It used to be availabe at \url{https://groups.google.com/forum/\#!topic/comp.risks/4V3cECtN\_vQ} (last checked at 2016-05-09), but that URL is no longer accessible.",
  year      = "2009",
}
@misc{Benoit:CBCMAC,
  author  = "Viguier Benoit",
  note = "\url{https://gitlab.insa-rennes.fr/bviguier/mri/blob/fd9d822a6cb4eea2bce422701a2b011811d78cb1/MRI/tikz/CBC-MAC.tex}",
  year      = "2016",
}
@book{Ferguson:Schneier:PracC,
  title     = "Practical Cryptography",
  author    = "Niels Ferguson and Bruce Schneier",
  address   = "Indianapolis",
  isbn      = "0-471-22357-3",
  publisher = "Wiley Publishing",
  year      = "2003"
}
@book{KatzLindell:IMC,
  title     = "Introduction to Modern Cryptography",
  author    = "Jonathan Katz and Yehuda Lindell",
  address   = "Boca Raton, FL, U.S.",
  edition   = "2",
  isbn      = "978-1-4665-7027-6",
  publisher = "CRC Press",
  year      = "2015",
}
@inproceedings{KatzYung:Unforge:CCA,
  author    = "Katz, Jonathan and Yung, Moti",
  editor    = "Goos, Gerhard and Hartmanis, Juris and van Leeuwen, Jan and Schneier, Bruce",
  title     = "Unforgeable Encryption and Chosen Ciphertext Secure Modes of Operation",
  booktitle = "Fast Software Encryption",
  year      = "2001",
  publisher = "Springer",
  address   = "Berlin, Heidelberg",
  pages     = "284--299",
  isbn      = "978-3-540-44706-1"
}
@book{Shoup:2009,
  title     = "A Computational Introduction to Number Theory and Algebra",
  author    = "Shoup, Victor",
  address   = "New York",
  year      = "2008",
  edition   = "2nd",
  publisher = "Cambridge University Press",
}
